@MISC{web:GitHubProgrammer,
      TITLE = "Код с репозитория на GitHub",
      NOTE = "url{https://github.com/EAZYBOT/Python/blob/master/lab1/l3.py}"
}
